@manual{anleitung103,
  author = "TU Dortmund",
  title = "Versuch 103: Biegung elastischer Stäbe",
  year = 2017,
  url = "http://129.217.224.2/HOMEPAGE/MEDPHYS/BACHELOR/AP/SKRIPT/V103.pdf",
  urldate = "2017-12-27"
}
@manual{wiki,
author = "Wikipedia",
title = "Elastizitätsmodul",
url = "https://de.wikipedia.org/wiki/Elastizit%C3%A4tsmodul#Typische_Zahlenwerte",
urldate = "2018-01-10"
}
@manual{flaeche,
author = "Universtität Siegen",
title = "Flächenträgheitsmomente einiger Querschnitte",
url = "https://www.bau.uni-siegen.de/subdomains/bauinformatik/lehre/tm2/arbeitsblaetter/arbeitsblatt_08_flaechentraegheitsmomente_bsp.pdf",
urldate = "2018-01-10"
}