@manual{anleitung354,
  author = "TU Dortmund" ,
  title = "Versuch 354: Ged√§mpfte und erzwungene Schwingungen",
  year = 2017,
  url = "http://129.217.224.2/HOMEPAGE/MEDPHYS/BACHELOR/AP/SKRIPT/V354.pdf",
  urldate = "2017-12-09",
}
@manual{anleitung353,
author = "TU Dortmund",
title = "Versuch 353: Das Relaxationsverhalten eines RC-Kreises",
year = 2017,
url = "http://129.217.224.2/HOMEPAGE/MEDPHYS/BACHELOR/AP/SKRIPT/V353.pdf",
urldate = "2017-12-09",
}
