@manual
{anleitung107,
author = "TU Dortmund",
title = "Versuch 207: Das Kugelfall-Viskosimeter nach HÃ¶ppler",
year = 2017,
url = "http://129.217.224.2/HOMEPAGE/MEDPHYS/BACHELOR/AP/SKRIPT/ViskositaetMP.pdf"
}
@manual{waterdensity,
author = "Frostburg State University",
title = "Water Density Calculator",
url = "http://antoine.frostburg.edu/chem/senese/javascript/water-density.html"
}