@manual{anleitungV402,
    author = "TU Dortmund" ,
    title = "Versuch 402: Dispersionsmessungen am Glasprisma",
    year = 2018,
    url = "http://129.217.224.2/HOMEPAGE/MEDPHYS/BACHELOR/AP/SKRIPT/V402.pdf",
    urldate = "2018-06-16",
}
@manual{AbbescheZahl,
  author = "Beuth Hochschule f√ºr Technik",
  title = "Brechzahl und Abbesche Zahl von Glas",
  year = 2018,
  url = "http://labor.beuth-hochschule.de/fileadmin/labor/gos/dokument/ogg/aufgabe/OGG_03_Brechzahl_und_Abbesche_Zahl_von_Glas.pdf",
  urldate = "2018-06-16",
}
