@manual{anleitungUS2,
    author = "TU Dortmund" ,
    title = "Versuch US2: ",
    year = 2018,
    url = "http://129.217.224.2/HOMEPAGE/MEDPHYS/BACHELOR/AP/SKRIPT/UltraschallScan.pdf",
    urldate = "2018-06-02",
}
@manual{Velocities,
  author = "Olympus",
  title = "Appendices Velocities",
  year = 2018,
  url = "https://www.olympus-ims.com/de/ndt-tutorials/thickness-gage/appendices-velocities/",
  urldate = "2018-06-02",
}
@manual{Kegelvolumen,
  author = "Jürgen Köller",
  title = "Volumen Kegel",
  year = 2018,
  url = "http://www.mathematische-basteleien.de/kegel.html",
  urldate = "2018-06-02",
}
@manual{Kegelvolumen,
  author = "Jürgen Köller",
  title = "Volumen Kegel",
  year = 2018,
  url = "http://www.mathematische-basteleien.de/kegel.html",
  urldate = "2018-06-02",
}
@manual{Herzzeitvolumen,
  author = "Dr. med. Joanna Krist",
  title = "Herzminutenvolumen",
  year = 2018,
  url = "http://flexikon.doccheck.com/de/Herzminutenvolumen",
  urldate = "2018-06-02",
}
@manual{Wellenlänge,
  author = "Martin Mißfeldt",
  title = "Wellenlänge",
  year = 2018,
  url = "https://www.lichtmikroskop.net/optik/wellenlaenge.php",
  urldate = "2018-06-02",
}
