@manual{anleitung408,
author = "TU Dortmund",
title = "Versuch 408: Geometrische Optik",
year = 2018,
url = "http://129.217.224.2/HOMEPAGE/MEDPHYS/BACHELOR/AP/SKRIPT/V408.pdf",
urldate = "2018-07-06",
}
