@manual{anleitung103,
  author = "TU Dortmund",
  title = "Versuch 103: Biegung elastischer St√§be",
  year = 2017,
  url = "http://129.217.224.2/HOMEPAGE/MEDPHYS/BACHELOR/AP/SKRIPT/V103.pdf",
  urldate = "2017-12-27",
}
