@manual{anleitung303,
  author = "TU Dortmund",
  title = "Versuch E2: Der Lock-In-Verst√§rker",
  year = 2017,
  url = "http://129.217.224.2/HOMEPAGE/MEDPHYS/BACHELOR/AP/SKRIPT/LockInMP.pdf",
  urldate = "2018-01-14"
}