@manual{anleitung502,
    author = "TU Dortmund" ,
    title = "Versuch 502: Ablenkung eines Elektronenstrahls im transversalen Magnetfeld",
    year = 2018,
    url = "http://129.217.224.2/HOMEPAGE/MEDPHYS/BACHELOR/AP/SKRIPT/V502.pdf",
    urldate = "2018-04-12",
}
@manual{spezifischeElektronenladung,
  author = "Physik Uni München",
  title = "Die spezifische Elektronenladung",
  url = "https://www.didaktik.physik.uni-muenchen.de/elektronenbahnen/b-feld/e-m-bestimmung/auswertungem.php",
  urldate = "2018-04-14",
}
@manual{Deklinationscalc,
  author = "Helmholtz-Zentrum Potsdam",
  title = "IGFR Deklinationsrechner",
  url = "http://www-app3.gfz-potsdam.de/Declinationcalc/declinationcalc.html",
  urldate = "2018-04-22",
}
@manual{Inklinationswinkel,
  author = "Gottfried Schatz",
  title = "Geheimnisvolle Sinne — Wie Lebewesen auf ihren Reisen das Magnetfeld der Erde messen",
  url = "http://scienceblog.at/book/export/html/499",
  urldate = "2018-04-22",
}
