@manual{anleitung704,
author = "TU Dortmund",
title = "Versuch 704: Absorption von Gamma- und Beta-Strahlung",
year = 2018,
url = "http://129.217.224.2/HOMEPAGE/MEDPHYS/BACHELOR/AP/SKRIPT/V704.pdf",
urldate = "2018-05-24",
}
