@manual{anleitung402,
author = "TU Dortmund",
title = "Dispersionsmessungen am Glasprisma",
year = 2018,
url = "http://129.217.224.2/HOMEPAGE/MEDPHYS/BACHELOR/AP/SKRIPT/V402.pdf",
urldate = "2018-06-16",
}
