@manual{anleitung500,
author = "TU Dortmund",
title = "Versuch 500: Der Photoeffekt",
year = 2018,
url = "http://129.217.224.2/HOMEPAGE/MEDPHYS/BACHELOR/AP/SKRIPT/V500.pdf",
urldate = "2018-04-21",
}
