@manual{anleitung704,
author = "TU Dortmund",
title = "Versuch 704: Absorption von Gamma- und Beta-Strahlung",
year = 2018,
url = "http://129.217.224.2/HOMEPAGE/MEDPHYS/BACHELOR/AP/SKRIPT/V704.pdf",
urldate = "2018-05-24",
}
@manual{blei,
author = "Chemie.de",
title = "Blei",
year = 2018,
url = "http://www.chemie.de/lexikon/Blei.html",
urldate = "2018-05-27",
}
@manual{eisen,
author = "Chemie.de",
title = "Eisen",
year = 2018,
url = "http://www.chemie.de/lexikon/Eisen.html",
urldate = "2018-05-27",
}
@manual{wiki,
author = "Wikipedia",
title = "Technetium",
year = 2018,
url = "https://de.wikipedia.org/wiki/Technetium",
urldate = "2018-05-27",
}
