@manual{anleitung606,
author = "TU Dortmund",
title = "Versuch 606: Messung der Suszeptibilität paramagnetischer Substanzen",
year = 2018,
url = "http://129.217.224.2/HOMEPAGE/MEDPHYS/BACHELOR/AP/SKRIPT/V606.pdf",
urldate = "2018-05-10",
}
@manual{molaremasse,
author = "WebQC.org",
title = "Rechner für Molare Masse, Molekulargewicht und Elementare Zusammensetzung",
year = 2018,
url = "https://de.webqc.org/mmcalc.php",
urldate = "2018-05-14",
}
