@manual{anleitung501,
    author = "TU Dortmund" ,
    title = "Versuch 501: Ablenkung eines Elektronenstrahls im elektrischen Feld",
    year = 2018,
    url = "http://129.217.224.2/HOMEPAGE/MEDPHYS/BACHELOR/AP/SKRIPT/V501.pdf",
    urldate = "2018-04-12",
}
