@manual{anleitung101,
author = "TU Dortmund",
title = "Versuch M1: Das Tr√§gheitsmoment",
year = 2017, 
}
