@manual{anleitung602,
author = "TU Dortmund",
title = "Versuch 602: RÃ¶ntgenemission und -absorption ",
year = 2018,
url = "http://129.217.224.2/HOMEPAGE/MEDPHYS/BACHELOR/AP/SKRIPT/RoentgenAbs.pdf",
urldate = "2018-04-26",
}
