@manual
{anleitung105,
author = "TU Dortmund",
title = "Versuch M4: Das Magnetische Moment",
year = 2017,
url = "http://129.217.224.2/HOMEPAGE/MEDPHYS/BACHELOR/AP/SKRIPT/MagneticToMP.pdf",
urldate = {2017-11-12}}