@manual{anleitung703,
author = "TU Dortmund",
title = "Versuch 703: Das Geiger-Müller-Zählrohr",
year = 2018,
url = "http://129.217.224.2/HOMEPAGE/MEDPHYS/BACHELOR/AP/SKRIPT/V703.pdf",
urldate = "2018-05-18",
}