@manual{anleitung500,
author = "TU Dortmund",
title = "Versuch 500: Der Photoeffekt",
year = 2018,
url = "http://129.217.224.2/HOMEPAGE/MEDPHYS/BACHELOR/AP/SKRIPT/V500.pdf",
urldate = "2018-04-21",
}
@manual{naturkonstanten,
author = "National Institute of Standards and Technology",
title = "Fundamental Physical Constants",
url = "https://physics.nist.gov/cuu/Constants/Table/allascii.txt",
urldate = "2018-04-23",
}
@manual{austrittsarbeit,
author = "FH MÃ¼nster",
title = "Austrittsarbeit",
url = "https://www.fh-muenster.de/ciw/downloads/personal/juestel/juestel/chemie/Austrittsarbeit.pdf",
urldate = "2018-04-29",
}
