@manual{anleitung105,
author = "TU Dortmund",
title = "Versuch M4: Das Magnetische Moment",
year = 2017, 
}
