@manual{anleitung406,
author = "TU Dortmund",
title = "Versuch 406: Beugung am Spalt",
year = 2018,
url = "http://129.217.224.2/HOMEPAGE/MEDPHYS/BACHELOR/AP/SKRIPT/V406.pdf",
urldate = "2018-06-28",
}
