@manual{anleitung701,
author = "TU Dortmund",
title = "Versuch 701: Reichweite von Alphastrahlung",
year = 2018,
url = "http://129.217.224.2/HOMEPAGE/MEDPHYS/BACHELOR/AP/SKRIPT/V701.pdf",
urldate = "2018-06-22",
}
