@manual{anleitung204,
author = "TU Dortmund",
title = "Versuch W2: WÃ¤rmeleitung von Metallen",
year = 2017,
}
