@manual{anleitungUS3,
author = "TU Dortmund",
title = "Versuch US3: Doppler-Sonographie",
year = 2018,
url = "http://129.217.224.2/HOMEPAGE/MEDPHYS/BACHELOR/AP/SKRIPT/DopplerSonogr.pdf",
urldate = "2018-06-07",
}
